<?xml version="1.0" encoding="UTF-8"?><collection><record><leader>06597ntm a2200565 a 4500</leader><controlfield tag="001">006804824</controlfield><controlfield tag="003">MiAaHDL</controlfield><controlfield tag="005">20190719000000.0</controlfield><controlfield tag="006">m        d        </controlfield><controlfield tag="007">cr bn ---auaua</controlfield><controlfield tag="008">090529s1444    xx            00| ||ara d</controlfield><datafield tag="035" ind1=" " ind2=" "><subfield code="a">(MiU)006804824</subfield></datafield><datafield tag="035" ind1=" " ind2=" "><subfield code="a">sdr-miu006804824</subfield></datafield><datafield tag="040" ind1=" " ind2=" "><subfield code="a">MiU</subfield><subfield code="c">MiU</subfield><subfield code="e">amremm</subfield></datafield><datafield tag="043" ind1=" " ind2=" "><subfield code="a">n-us-mi</subfield></datafield><datafield tag="100" ind1="1" ind2=" "><subfield code="6">880-01</subfield><subfield code="a">Ibn al-Sāʻātī, Aḥmad ibn ʻAlī,</subfield><subfield code="d">1254-1294 or 1295.</subfield></datafield><datafield tag="245" ind1="1" ind2="0"><subfield code="6">880-03</subfield><subfield code="a">Majmaʻ al-baḥrayn wa multaqá al-nayyirayn,</subfield><subfield code="f">[848, i.e. 1444].</subfield></datafield><datafield tag="246" ind1="3" ind2=" "><subfield code="i">Title from inscription on upper board lining:</subfield><subfield code="a">مجمع البحرين</subfield></datafield><datafield tag="260" ind1=" " ind2=" "><subfield code="c">[1444].</subfield></datafield><datafield tag="300" ind1=" " ind2=" "><subfield code="a">104 leaves :</subfield><subfield code="b">paper ;</subfield><subfield code="c">278 x 193 (180 x 110) mm.</subfield></datafield><datafield tag="500" ind1=" " ind2=" "><subfield code="a">Shelfmark: Ann Arbor, University of Michigan, Special Collections Library, Isl. Ms. 548</subfield></datafield><datafield tag="500" ind1=" " ind2=" "><subfield code="a">Origin: As appears in colophon on p.207, copied by Mehmet bin Mehmet Bey (Muḥammad ibn Muḥammad) with transcription completed 1 Jumādá II 848 [ca. 15 September 1444].</subfield></datafield><datafield tag="500" ind1=" " ind2=" "><subfield code="a">Accompanying materials: a. Acquisitions slip from Yahuda -- b. Inventory cataloguing slip in hand of Winifred Smeaton Thomas.</subfield></datafield><datafield tag="500" ind1=" " ind2=" "><subfield code="a">Former shelfmark: From interior of upper cover and spine label "IL 318" (likely supplied by Yahuda, see acquisitions slip).</subfield></datafield><datafield tag="500" ind1=" " ind2=" "><subfield code="a">Binding: Pasteboards covered in dark brown leather ; Type II binding (with flap, though now lost) ; board linings in untinted laid paper ; upper and lower covers bear tooled central binding ornament consisting of a six-pointed star inscribed within a circle (Weisweiler class. W 25-27) with a second six-pointed star inscribed within the outer star, as well as simple cornerpieces and a tooled border in a repeating knot-work stamp flanked by tooled fillets ; sewn in heavy cream thread, two stations ; worked endbands in blue, green and red, significant losses to headband and tailband ; overall in poor condition with flap lost, significant moisture damage, shrinkage, abrasion, staining, lifting and losses of leather (particularly at board edges), delamination of boards, gatherings detaching from spine, etc. ; repair to spine in brown leather ; housed in box for protection.</subfield></datafield><datafield tag="500" ind1=" " ind2=" "><subfield code="a">Support: non-European (likely Arab) laid paper with 8 laid lines per cm. (horizontal) and chain lines (vertical) possibly grouped in threes with 8-9 mm. between chains and 42-45 mm. between groups (see p.176, etc.) ; quite cloudy formation, laid and chain lines often rather indistinct, thick and sturdy, well-burnished to glossy ; staining, tears, and pest damage.</subfield></datafield><datafield tag="500" ind1=" " ind2=" "><subfield code="a">Decoration: Abbreviation symbols and some glosses rubricated ; section headings set off in a large, bold script and occasionally accented with red ink.</subfield></datafield><datafield tag="500" ind1=" " ind2=" "><subfield code="a">Script: Naskh ; elegant Turkish hand in a narrow line ; virtually serifless with slight effect of tilt to the left (occasionally more exaggerated and accompanied by slight descent of words to the basline), curvilinear descenders, pointing in distinct or conjoined dots, and some free-assimilation of letters, partially vocalized, point of final nūn set deep in bowl ; section headings in large, bold, seriffed script reminiscent of tawqīʻ.</subfield></datafield><datafield tag="500" ind1=" " ind2=" "><subfield code="a">Layout: Written in 15 lines per page ; frame-ruled.</subfield></datafield><datafield tag="500" ind1=" " ind2=" "><subfield code="a">Collation: V-1 (9), 8 V(89), IV (97), IV-1 (104) ; chiefly quinions ; catchwords present though nearly cut off or obscured in many places ; pagination in pencil, Western numerals, supplied during digitization (includes some inserts).</subfield></datafield><datafield tag="500" ind1=" " ind2=" "><subfield code="a">Colophon: "Scribal," rectangular, reads "تمت بعون الله وحسن توفيقه في غرة جمادى الاخر من شهور سنة ثمان واربعين وثمانمائة وتمامه على يد العبد الضعيف المذنب المحتاج الى رحمة اللطيف فانه يعطي الرحمة والمغفرة لمن طلبه حيث قال ادعوني استجب لكم محمد بن محمد بك غفر الله له ولوالديه ... وحسبنا الله ونعم الوكيل نعم المولى ونعم النصير"</subfield></datafield><datafield tag="500" ind1=" " ind2=" "><subfield code="a">Explicit: "ثم قسم الباقي على سهام من بقي منهم وهذا اخر مجمع البحرين وملتقى النيرين ... والله المشكور على افاضة نعمه والمسؤؤل خاتمته السعادة بفضله وكرمه الحمد لله رب العالمين والصلوة والسلام على خير البرية محمد واله اجمعين"</subfield></datafield><datafield tag="500" ind1=" " ind2=" "><subfield code="a">Incipit: "الحمد لله جاعل العلماء انجما للاهتداء زاهرة واعلاما للاقتداء طاهرة ... اما بعد فهذا كتاب يصغر للحفاظ حجمه ... يحوي مختصر الشيخ ابي الحسن القدوري ومنضومة [منظومة] الشيخ ابي حفص النسفي رحمهما الله فانهما بحران زاخران وهذا مجمع البحرين وهما النيران المشرقان وهذا ملتقى النيرين احدهما يهدي الى فقه المذهب الذي هو من اشرف المطالب والاخر يعرف الخلاف بين المذاهب ..."</subfield></datafield><datafield tag="500" ind1=" " ind2=" "><subfield code="a">Title from closing matter on p.207.</subfield></datafield><datafield tag="500" ind1=" " ind2=" "><subfield code="a">Ms. codex.</subfield></datafield><datafield tag="510" ind1="4" ind2=" "><subfield code="a">Ḥājjī Khalīfah. Kasf al-ẓunūn,</subfield><subfield code="c">v 396, no.11436</subfield></datafield><datafield tag="510" ind1="4" ind2=" "><subfield code="a">Brockelmann, C. GAL,</subfield><subfield code="c">I 383 (49/1)</subfield></datafield><datafield tag="520" ind1="8" ind2=" "><subfield code="a">Extensively annotated copy of Muẓaffar al-Dīn Aḥmad ibn ʻAlī Ibn al-Sāʻātī’s compendium on Ḥanafī law, based on the Mukhtaṣar of al-Qudūrī (d.1037) and the Manẓūmah of al-Nasafī (d.1142).</subfield></datafield><datafield tag="538" ind1=" " ind2=" "><subfield code="a">Mode of access: Internet.</subfield></datafield><datafield tag="541" ind1=" " ind2=" "><subfield code="a">Acquired in 1926 from the bookseller Isaac Benjamin S.E. Yahuda via purchase transacted on his behalf by Abraham Shalom Yahuda (1877-1951), his younger brother.</subfield></datafield><datafield tag="546" ind1=" " ind2=" "><subfield code="a">Arabic.</subfield></datafield><datafield tag="561" ind1=" " ind2=" "><subfield code="a">Ownership statement on 'title page' (p.1) in name of one Ḥasan, reads "صاحبه حسن" ; extensive marginal and interlinear glosses ; occasional corrections.</subfield></datafield><datafield tag="650" ind1=" " ind2="0"><subfield code="a">Manuscripts, Arabic</subfield><subfield code="z">Michigan</subfield><subfield code="z">Ann Arbor.</subfield></datafield><datafield tag="650" ind1=" " ind2="0"><subfield code="a">Hanafites</subfield><subfield code="v">Early works to 1800.</subfield></datafield><datafield tag="650" ind1=" " ind2="0"><subfield code="a">Islamic law</subfield><subfield code="x">Interpretation and construction</subfield><subfield code="v">Early works to 1800.</subfield></datafield><datafield tag="700" ind1="0" ind2=" "><subfield code="6">880-05</subfield><subfield code="a">Mehmet bin Mehmet Bey,</subfield><subfield code="d">fl. 1444,</subfield><subfield code="e">scribe.</subfield></datafield><datafield tag="773" ind1="0" ind2=" "><subfield code="a">Yahuda Collection.</subfield></datafield><datafield tag="880" ind1="0" ind2=" "><subfield code="6">700-05/</subfield><subfield code="a">محمد بن محمد بك،</subfield><subfield code="e">ناسخ.</subfield></datafield><datafield tag="880" ind1="1" ind2="0"><subfield code="6">245-03/</subfield><subfield code="a">مجمع البحرين وملتقى النيرين,</subfield><subfield code="f">[848ه، 1444م].</subfield></datafield><datafield tag="880" ind1="1" ind2=" "><subfield code="6">100-01/</subfield><subfield code="a">ابن الساعاتي، احمد بن علي.</subfield></datafield><datafield tag="CID" ind1=" " ind2=" "><subfield code="a">006804824</subfield></datafield><datafield tag="DAT" ind1="0" ind2=" "><subfield code="a">20190719102636.0</subfield><subfield code="b">20190719000000.0</subfield></datafield><datafield tag="DAT" ind1="1" ind2=" "><subfield code="a">20190719090653.0</subfield><subfield code="b">2019-07-19T16:11:41Z</subfield></datafield><datafield tag="DAT" ind1="2" ind2=" "><subfield code="a">2015-10-02T18:00:03Z</subfield></datafield><datafield tag="CAT" ind1=" " ind2=" "><subfield code="a">SDR-MIU</subfield><subfield code="d">EX LIBRIS - ALEPH</subfield><subfield code="l">prepare.pl-004-008</subfield></datafield><datafield tag="FMT" ind1=" " ind2=" "><subfield code="a">BK</subfield></datafield><datafield tag="HOL" ind1=" " ind2=" "><subfield code="0">sdr-miu006804824</subfield><subfield code="a">MiU</subfield><subfield code="b">SDR</subfield><subfield code="c">MIU</subfield><subfield code="p">mdp.39015079126945</subfield><subfield code="s">MIU</subfield><subfield code="1">006804824</subfield></datafield><datafield tag="974" ind1=" " ind2=" "><subfield code="b">MIU</subfield><subfield code="c">MIU</subfield><subfield code="d">20190719</subfield><subfield code="s">lit-dlps-dc</subfield><subfield code="u">mdp.39015079126945</subfield><subfield code="y">1444</subfield><subfield code="r">pd</subfield><subfield code="q">bib</subfield><subfield code="t">non-US bib date1 &lt; 1879</subfield></datafield></record></collection>